@book{algebraic-topology-hatcher,
    title = {Algebraic Topology},
    author = {Allen Hatcher},
    publisher = {Cambdridge University Press},
    year = {2002},
    isbn = {0-521-79540-0},
    url = {http://pi.math.cornell.edu/~hatcher/AT/AT.pdf}
},

@online{geotopo,
    author = {Daniel Kasprowski},
    note = {Vorlesungsnotizen},
    year = {2021},
    title = {Einführung in die Geometrie und Topologie},
    url = {https://kesslermaximilian.github.io/GeometrieUndTopologie/2021_Topologie.pdf}
}

@book{algebraische-topologie-lueck,
    title = {Algebraische Topologie},
    subtitle = {Homologie und Mannigfaltigkeiten},
    author = {Wolfgang Lück},
    year = {2005},
    isbn = {978-3-528-03218-0},
    doi = {10.1007/978-3-322-80241-5},
    publisher = {Springer}
}

